@article{greenwade93,
    author  = "George D. Greenwade",
    title   = "The {C}omprehensive {T}ex {A}rchive {N}etwork ({CTAN})",
    year    = "1993",
    journal = "TUGBoat",
    volume  = "14",
    number  = "3",
    pages   = "342--351"
}


@book{Fima,
author = {Klebaner, Fima C},
title = {Introduction to Stochastic Calculus with Applications},
publisher = {IMPERIAL COLLEGE PRESS},
year = {2012},
doi = {10.1142/p821},
address = {},
edition   = {3rd},
URL = {https://www.worldscientific.com/doi/abs/10.1142/p821},
eprint = {https://www.worldscientific.com/doi/pdf/10.1142/p821}
}


@book{Hull,
  added-at = {2009-08-21T12:23:46.000+0200},
  address = {Upper Saddle River, NJ [u.a.]},
  author = {Hull, {John C.}},
  biburl = {https://www.bibsonomy.org/bibtex/27ee760ae0f65f18a494c81b5960fa9b7/fbw_hannover},
  edition = {6. ed., Pearson internat. ed},
  interhash = {a9b1d203b966fad65eadae4e1c13b5a2},
  intrahash = {7ee760ae0f65f18a494c81b5960fa9b7},
  isbn = {978-0-13-197705-1},
  keywords = {Betriebswirtschaft:_Sonstiges Derivative_securities Effektengesch√§ft Finanzierung Finanzinnovation Futures Geld Hedging Index-Futures Inflation Investition Kapitalmarkt Optionspreistheorie Securities Stock_options},
  pagetotal = {XXII, 789},
  ppn_gvk = {563580607},
  publisher = {Pearson Prentice Hall},
  timestamp = {2009-08-21T12:24:32.000+0200},
  title = {Options, futures, and other derivatives},
  url = {http://gso.gbv.de/DB=2.1/CMD?ACT=SRCHA&SRT=YOP&IKT=1016&TRM=ppn+563580607&sourceid=fbw_bibsonomy},
  year = 2006
}